

@article{karra2015effect,
  title={Effect of advective flow in fractures and matrix diffusion on natural gas production},
  author={Karra, Satish and Makedonska, Nataliia and Viswanathan, Hari S and Painter, Scott L and Hyman, Jeffrey D},
  journal={Water Resources Research},
  volume={51},
  number={10},
  pages={8646--8657},
  year={2015},
  publisher={Wiley Online Library}
}

@article{hyman2015influence,
  title={Influence of injection mode on transport properties in kilometer-scale three-dimensional discrete fracture networks},
  author={Hyman, JD and Painter, Scott L and Viswanathan, Hari and Makedonska, Nataliia and Karra, Satish},
  journal={Water Resources Research},
  volume={51},
  number={9},
  pages={7289--7308},
  year={2015},
  publisher={Wiley Online Library}
}

@article{liu2016mathematical,
  title={Mathematical expressions for estimating equivalent permeability of rock fracture networks},
  author={Liu, Richeng and Li, Bo and Jiang, Yujing and Huang, Na},
  journal={Hydrogeology Journal},
  volume={24},
  number={7},
  pages={1623--1649},
  year={2016},
  publisher={Springer Berlin Heidelberg}
}

@article{o2016does,
  title={Where does water go during hydraulic fracturing?},
  author={O'Malley, D and Karra, S and Currier, RP and Makedonska, N and Hyman, JD and Viswanathan, HS},
  journal={Groundwater},
  volume={54},
  number={4},
  pages={488--497},
  year={2016},
  publisher={Wiley Online Library}
}

@article{hyman2016understanding,
  title={Understanding hydraulic fracturing: a multi-scale problem},
  author={Hyman, JD and Jim{\'e}nez-Mart{\'\i}nez, J and Viswanathan, HS and Carey, JW and Porter, ML and Rougier, E and Karra, S and Kang, Q and Frash, L and Chen, L and others},
  journal={Phil. Trans. R. Soc. A},
  volume={374},
  number={2078},
  pages={20150426},
  year={2016},
  publisher={The Royal Society}
}

@article{huang2016numerical,
  title={A numerical method for simulating fluid flow through 3-D fracture networks},
  author={Huang, Na and Jiang, Yujing and Li, Bo and Liu, Richeng},
  journal={Journal of Natural Gas Science and Engineering},
  volume={33},
  pages={1271--1281},
  year={2016},
  publisher={Elsevier}
}

@article{aldrich2016analysis,
  title={Analysis and visualization of discrete fracture networks using a flow topology graph},
  author={Aldrich, Garrett and Hyman, Jeffrey and Karra, Satish and Gable, Carl and Makedonska, Nataliia and Viswanathan, Hari and Woodring, Jonathan and Hamann, Bernd},
  journal={IEEE transactions on visualization and computer graphics},
  year={2016},
  publisher={IEEE}
}

@article{berrone2017non,
  title={Non-stationary transport phenomena in networks of fractures: Effective simulations and stochastic analysis},
  author={Berrone, Stefano and Pieraccini, Sandra and Scial{\`o}, Stefano},
  journal={Computer Methods in Applied Mechanics and Engineering},
  volume={315},
  pages={1098--1112},
  year={2017},
  publisher={Elsevier}
}

@article{hyman2016fracture,
  title={Fracture size and transmissivity correlations: Implications for transport simulations in sparse three-dimensional discrete fracture networks following a truncated power law distribution of fracture size},
  author={Hyman, JD and Aldrich, G and Viswanathan, H and Makedonska, Nataliia and Karra, Satish},
  journal={Water Resources Research},
  volume={52},
  number={8},
  pages={6472--6489},
  year={2016},
  publisher={Wiley Online Library}
}

@article{huang2016fast,
  title={A FAST CALCULATION METHOD FOR ESTIMATING THE REPRESENTATIVE ELEMENTARY VOLUME OF A THREE-DIMENSIONAL FRACTURE NETWORK},
  author={Huang, Na and Jiang, Yujing and Liu, Richeng and Li, Bo},
  journal={Special Topics \& Reviews in Porous Media: An International Journal},
  volume={7},
  number={2},
  year={2016},
  publisher={Begel House Inc.}
}

@article{valera2017machine,
  title={Machine learning for graph-based representations of three-dimensional discrete fracture networks},
  author={Valera, Manuel and Guo, Zhengyang and Kelly, Priscilla and Matz, Sean and Cantu, Adrian and Percus, Allon G and Hyman, Jeffrey D and Srinivasan, Gowri and Viswanathan, Hari S},
  journal={arXiv preprint arXiv:1705.09866},
  year={2017}
}

@article{zou2017modeling,
  title={Modeling of flow and mixing in 3D rough-walled rock fracture intersections},
  author={Zou, Liangchao and Jing, Lanru and Cvetkovic, Vladimir},
  journal={Advances in Water Resources},
  year={2017},
  publisher={Elsevier}
}

@article{karimi2017hybrid,
  title={A hybrid multi-time-step framework for pore-scale and continuum-scale modeling of solute transport in porous media},
  author={Karimi, S and Nakshatrala, KB},
  journal={Computer Methods in Applied Mechanics and Engineering},
  year={2017},
  publisher={Elsevier}
}

@article{berrone2017flow,
  title={Flow simulations in porous media with immersed intersecting fractures},
  author={Berrone, Stefano and Pieraccini, Sandra and Scialo, Stefano},
  journal={Journal of Computational Physics},
  year={2017},
  publisher={Elsevier}
}

@article{ren2017unified,
  title={Unified pipe network method for simulation of water flow in fractured porous rock},
  author={Ren, Feng and Ma, Guowei and Wang, Yang and Li, Tuo and Zhu, Hehua},
  journal={Journal of Hydrology},
  volume={547},
  pages={80--96},
  year={2017},
  publisher={Elsevier}
}

@article{steinmodeling,
  title={MODELING COUPLED REACTIVE FLOW PROCESSES IN FRACTURED CRYSTALLINE ROCK},
  author={Stein, Emily R and Frederick, Jennifer M and Hammond, Glenn E and Kuhlman, Kristopher L and Mariner, Paul E and Sevougian, S David}
}

@article{sevougianperformance,
  title={Performance Assessment of a Generic Repository for Defense-Related HLW/SNF in Fractured Crystalline Host Rock--17059},
  author={Sevougian, S David and Stein, Emily R and Gross, Michael B and Hammond, Glenn E and Frederick, Jennifer M and Mariner, Paul E}
}

@article{karimzade2017prediction,
  title={Prediction of water inflow into underground excavations in fractured rocks using a 3D discrete fracture network (DFN) model},
  author={Karimzade, E and Sharifzadeh, M and Zarei, HR and Shahriar, K and Seifabad, M Cheraghi},
  journal={Arabian Journal of Geosciences},
  volume={9},
  number={10},
  pages={1--14},
  year={2017}
}

@article{barbier2015high,
  title={High Performance Computing Simulations for Shale Gas Formation: Flow Transport and Uncertainty Quantification Analysis},
  author={Barbier, Charlotte and Lu, Dan and Collier, Nathan and Curtis, Franklin and Webster, Clayton and Polsky, Yarom and Orsini, Paolo},
  year={2015}
}

@inproceedings{jin2016including,
  title={Including a Stochastic Discrete Fracture Network into One-Way Coupled Poromechanical Modeling of Injection-Induced Shear Re-Activation},
  author={Jin, L and Zoback, MD and others},
  booktitle={50th US Rock Mechanics/Geomechanics Symposium},
  year={2016},
  organization={American Rock Mechanics Association}
}

@article{makedonska2016evaluating,
  title={Evaluating the effect of internal aperture variability on transport in kilometer scale discrete fracture networks},
  author={Makedonska, Nataliia and Hyman, Jeffrey D and Karra, Satish and Painter, Scott L and Gable, Carl W and Viswanathan, Hari S},
  journal={Advances in Water Resources},
  volume={94},
  pages={486--497},
  year={2016},
  publisher={Elsevier}
}

@article{hu2016practical,
  title={A practical model for fluid flow in discrete-fracture porous media by using the numerical manifold method},
  author={Hu, Mengsu and Rutqvist, Jonny and Wang, Yuan},
  journal={Advances in Water Resources},
  volume={97},
  pages={38--51},
  year={2016},
  publisher={Elsevier}
}

@article{kang2017anomalous,
  title={Anomalous transport in disordered fracture networks: spatial Markov model for dispersion with variable injection modes},
  author={Kang, Peter K and Dentz, Marco and Le Borgne, Tanguy and Lee, Seunghak and Juanes, Ruben},
  journal={Advances in Water Resources},
  year={2017},
  publisher={Elsevier}
}

@article{pandey2016modeling,
  title={Modeling the influence of preferential flow on the spatial variability and time-dependence of mineral weathering rates},
  author={Pandey, Sachin and Rajaram, Harihar},
  journal={Water Resources Research},
  volume={52},
  number={12},
  pages={9344--9366},
  year={2016},
  publisher={Wiley Online Library}
}

@article{tokan2016influence,
  title={Influence of numerical cementation on multiphase displacement in rough fractures},
  author={Tokan-Lawal, Adenike and Prodanovi{\'c}, Ma{\v{s}}a and Landry, Christopher J and Eichhubl, Peter},
  journal={Transport in Porous Media},
  volume={1},
  number={116},
  pages={275--293},
  year={2016}
}

@article{fumagalli2016dual,
  title={Dual virtual element method for discrete fractures networks},
  author={Fumagalli, Alessio and Keilegavlen, Eirik},
  journal={arXiv preprint arXiv:1610.02905},
  year={2016}
}

@article{zidane2016fracture,
  title={Fracture-Cross-Flow Equilibrium in Compositional Two-Phase Reservoir Simulation},
  author={Zidane, Ali and Firoozabadi, Abbas and others},
  journal={SPE Journal},
  year={2016},
  publisher={Society of Petroleum Engineers}
}

@techreport{makedonska2016discrete,
  title={Discrete Fracture Network Modeling and Simulation of Subsurface Transport for the Topopah Springs and Lava Flow Aquifers at Pahute Mesa, FY 15 Progress Report},
  author={Makedonska, Nataliia and Kwicklis, Edward Michael and Birdsell, Kay Hanson and Harrod, Jeremy Ashcraft and Karra, Satish},
  year={2016},
  institution={Los Alamos National Laboratory (LANL)}
}

@phdthesis{dessirier2016numerical,
  title={Numerical modeling of groundwater and air flow between compacted bentonite and fractured crystalline rock},
  author={Dessirier, Beno{\^\i}t},
  year={2016},
  school={Department of Physical Geography, Stockholm Univeristy}
}
