

@article{karra2015effect,
  title={Effect of advective flow in fractures and matrix diffusion on natural gas production},
  author={Karra, Satish and Makedonska, Nataliia and Viswanathan, Hari S and Painter, Scott L and Hyman, Jeffrey D},
  journal={Water Resources Research},
  volume={51},
  number={10},
  pages={8646--8657},
  year={2015},
  publisher={Wiley Online Library}
}

@article{hyman2015influence,
  title={Influence of injection mode on transport properties in kilometer-scale three-dimensional discrete fracture networks},
  author={Hyman, JD and Painter, Scott L and Viswanathan, Hari and Makedonska, Nataliia and Karra, Satish},
  journal={Water Resources Research},
  volume={51},
  number={9},
  pages={7289--7308},
  year={2015},
  publisher={Wiley Online Library}
}

@article{liu2016mathematical,
  title={Mathematical expressions for estimating equivalent permeability of rock fracture networks},
  author={Liu, Richeng and Li, Bo and Jiang, Yujing and Huang, Na},
  journal={Hydrogeology Journal},
  volume={24},
  number={7},
  pages={1623--1649},
  year={2016},
  publisher={Springer Berlin Heidelberg}
}

@article{o2016does,
  title={Where does water go during hydraulic fracturing?},
  author={O'Malley, D and Karra, S and Currier, RP and Makedonska, N and Hyman, JD and Viswanathan, HS},
  journal={Groundwater},
  volume={54},
  number={4},
  pages={488--497},
  year={2016},
  publisher={Wiley Online Library}
}

@article{hyman2016understanding,
  title={Understanding hydraulic fracturing: a multi-scale problem},
  author={Hyman, JD and Jim{\'e}nez-Mart{\'\i}nez, J and Viswanathan, HS and Carey, JW and Porter, ML and Rougier, E and Karra, S and Kang, Q and Frash, L and Chen, L and others},
  journal={Phil. Trans. R. Soc. A},
  volume={374},
  number={2078},
  pages={20150426},
  year={2016},
  publisher={The Royal Society}
}

@article{huang2016numerical,
  title={A numerical method for simulating fluid flow through 3-D fracture networks},
  author={Huang, Na and Jiang, Yujing and Li, Bo and Liu, Richeng},
  journal={Journal of Natural Gas Science and Engineering},
  volume={33},
  pages={1271--1281},
  year={2016},
  publisher={Elsevier}
}

@article{aldrich2016analysis,
  title={Analysis and visualization of discrete fracture networks using a flow topology graph},
  author={Aldrich, Garrett and Hyman, Jeffrey and Karra, Satish and Gable, Carl and Makedonska, Nataliia and Viswanathan, Hari and Woodring, Jonathan and Hamann, Bernd},
  journal={IEEE transactions on visualization and computer graphics},
  year={2016},
  publisher={IEEE}
}

@article{berrone2017non,
  title={Non-stationary transport phenomena in networks of fractures: Effective simulations and stochastic analysis},
  author={Berrone, Stefano and Pieraccini, Sandra and Scial{\`o}, Stefano},
  journal={Computer Methods in Applied Mechanics and Engineering},
  volume={315},
  pages={1098--1112},
  year={2017},
  publisher={Elsevier}
}

@article{hyman2016fracture,
  title={Fracture size and transmissivity correlations: Implications for transport simulations in sparse three-dimensional discrete fracture networks following a truncated power law distribution of fracture size},
  author={Hyman, JD and Aldrich, G and Viswanathan, H and Makedonska, Nataliia and Karra, Satish},
  journal={Water Resources Research},
  volume={52},
  number={8},
  pages={6472--6489},
  year={2016},
  publisher={Wiley Online Library}
}

@article{huang2016fast,
  title={A FAST CALCULATION METHOD FOR ESTIMATING THE REPRESENTATIVE ELEMENTARY VOLUME OF A THREE-DIMENSIONAL FRACTURE NETWORK},
  author={Huang, Na and Jiang, Yujing and Liu, Richeng and Li, Bo},
  journal={Special Topics \& Reviews in Porous Media: An International Journal},
  volume={7},
  number={2},
  year={2016},
  publisher={Begel House Inc.}
}
